@article{kennedy2019everything,
  title={Everything matters: the repronim perspective on reproducible neuroimaging},
  author={Kennedy, David N and Abraham, Sanu A and Bates, Julianna F and Ghosh, Satrajit S and Gillespie, Tom H and Goncalves, Mathias and Grethe, Jeffrey S and Halchenko, Yaroslav O and Hanke, Michael and Haselgrove, Christian and others},
  journal={Frontiers in neuroinformatics},
  volume={13},
  pages={1},
  year={2019},
  publisher={Frontiers}
}

@article{glatard2015boutiques,
  title={Boutiques: an application-sharing system based on Linux containers},
  author={Glatard, Tristan and Da Silva, Rafael F and Boujelben, Nouha and Adalat, R and Beck, Natacha and Rioux, Pierre and Rousseau, Marc-Etienne and Deelman, Ewa and Evans, A},
  journal={Neuroinformatics},
  year={2015}
}

@article{glatard2018boutiques,
  title={Boutiques: a flexible framework to integrate command-line applications in computing platforms},
  author={Glatard, Tristan and Kiar, Gregory and Aumentado-Armstrong, Tristan and Beck, Natacha and Bellec, Pierre and Bernard, R{\'e}mi and Bonnet, Axel and Brown, Shawn T and Camarasu-Pop, Sorina and Cervenansky, Fr{\'e}d{\'e}ric and others},
  journal={GigaScience},
  volume={7},
  number={5},
  pages={giy016},
  year={2018},
  publisher={Oxford University Press}
}
